<record xmlns:xsi="http://www.w3.org/2001/XMLSchema-instance" xmlns="http://www.loc.gov/MARC21/slim" xsi:schemaLocation="http://www.loc.gov/MARC21/slim http://www.loc.gov/standards/marcxml/schema/MARC21slim.xsd">

  <leader>00631nam a2200181   4500</leader>
  <controlfield tag="008">160127b2015    c  a|||| |||| 00| | spa d</controlfield>
  <datafield ind2=" " ind1=" " tag="020">
    <subfield code="a">978996895020</subfield>
  </datafield>
  <datafield tag="090" ind1=" " ind2=" ">
    <subfield code="a">19.02.06</subfield>
    <subfield code="b">2286</subfield>
  </datafield>
  <datafield tag="100" ind1="1" ind2=" ">
    <subfield code="9">1359</subfield>
    <subfield code="a">Martínez Rocha, Eida</subfield>
  </datafield>
  <datafield tag="245" ind1=" " ind2=" ">
    <subfield code="a">¿Articular la vida desde el CIEM?: seis años de la boletina informativa, 2009-2014 / </subfield>
    <subfield code="c">Eida Martínez Rocha, compiladora</subfield>
  </datafield>
  <datafield ind1=" " ind2=" " tag="260">
    <subfield code="a">San José, Costa Rica :</subfield>
    <subfield code="b">CIEM,</subfield>
    <subfield code="c">2015?</subfield>
  </datafield>
  <datafield ind2=" " ind1=" " tag="300">
    <subfield code="a">131 páginas;</subfield>
    <subfield code="b">ilustraciones</subfield>
  </datafield>
  <datafield tag="650" ind2="4" ind1="1">
    <subfield code="9">1360</subfield>
    <subfield code="a">ARTÍCULOS</subfield>
  </datafield>
  <datafield ind1="1" ind2="4" tag="650">
    <subfield code="9">1361</subfield>
    <subfield code="a">OPINIÓN</subfield>
  </datafield>
  <datafield ind2="4" ind1="1" tag="650">
    <subfield code="9">85</subfield>
    <subfield code="a">VIOLENCIA CONTRA LAS MUJERES</subfield>
  </datafield>
  <datafield tag="650" ind1="1" ind2="4">
    <subfield code="9">716</subfield>
    <subfield code="a">PARTICIPACIÓN DE LA MUJER</subfield>
  </datafield>
  <datafield tag="942" ind1=" " ind2=" ">
    <subfield code="2">z</subfield>
    <subfield code="c">01</subfield>
  </datafield>
  <datafield tag="999" ind1=" " ind2=" ">
    <subfield code="c">3046</subfield>
    <subfield code="d">3046</subfield>
  </datafield>
</record>